@inproceedings{Ahn:2012:GSS:2213556.2213560,
 author = {Ahn, Kook Jin and Guha, Sudipto and McGregor, Andrew},
 title = {Graph Sketches: Sparsification, Spanners, and Subgraphs},
 booktitle = {Proceedings of the 31st ACM SIGMOD-SIGACT-SIGAI Symposium on Principles of Database Systems},
 series = {PODS '12},
 year = {2012},
 isbn = {978-1-4503-1248-6},
 location = {Scottsdale, Arizona, USA},
 pages = {5--14},
 numpages = {10},
 url = {http://doi.acm.org/10.1145/2213556.2213560},
 doi = {10.1145/2213556.2213560},
 acmid = {2213560},
 publisher = {ACM},
 address = {New York, NY, USA},
 keywords = {data streams, graph sketching, spanners, sparsification, subgraphs},
} 
